%YAML 1.1
%TAG !u! tag:unity3d.com,2011:
--- !u!1 &1425122151842872179
GameObject:
  m_ObjectHideFlags: 0
  m_CorrespondingSourceObject: {fileID: 0}
  m_PrefabInstance: {fileID: 0}
  m_PrefabAsset: {fileID: 0}
  serializedVersion: 6
  m_Component:
  - component: {fileID: 4643426811951603335}
  - component: {fileID: 5538762289108985674}
  - component: {fileID: 7444710537300748523}
  m_Layer: 0
  m_Name: FecthQuery
  m_TagString: Untagged
  m_Icon: {fileID: 0}
  m_NavMeshLayer: 0
  m_StaticEditorFlags: 0
  m_IsActive: 1
--- !u!4 &4643426811951603335
Transform:
  m_ObjectHideFlags: 0
  m_CorrespondingSourceObject: {fileID: 0}
  m_PrefabInstance: {fileID: 0}
  m_PrefabAsset: {fileID: 0}
  m_GameObject: {fileID: 1425122151842872179}
  m_LocalRotation: {x: 0, y: 0, z: 0, w: 1}
  m_LocalPosition: {x: 0, y: 0, z: 0}
  m_LocalScale: {x: 1, y: 1, z: 1}
  m_Children: []
  m_Father: {fileID: 2918511202793130829}
  m_RootOrder: 1
  m_LocalEulerAnglesHint: {x: 0, y: 0, z: 0}
--- !u!135 &5538762289108985674
SphereCollider:
  m_ObjectHideFlags: 0
  m_CorrespondingSourceObject: {fileID: 0}
  m_PrefabInstance: {fileID: 0}
  m_PrefabAsset: {fileID: 0}
  m_GameObject: {fileID: 1425122151842872179}
  m_Material: {fileID: 0}
  m_IsTrigger: 1
  m_Enabled: 1
  serializedVersion: 2
  m_Radius: 2
  m_Center: {x: 0, y: 0.06, z: 0}
--- !u!114 &7444710537300748523
MonoBehaviour:
  m_ObjectHideFlags: 0
  m_CorrespondingSourceObject: {fileID: 0}
  m_PrefabInstance: {fileID: 0}
  m_PrefabAsset: {fileID: 0}
  m_GameObject: {fileID: 1425122151842872179}
  m_Enabled: 1
  m_EditorHideFlags: 0
  m_Script: {fileID: 11500000, guid: aa4cf6fb7a1abc342a44798a451cefd7, type: 3}
  m_Name: 
  m_EditorClassIdentifier: 
  fetchObjs: []
  predators: []
--- !u!1 &2893542508493111118
GameObject:
  m_ObjectHideFlags: 0
  m_CorrespondingSourceObject: {fileID: 0}
  m_PrefabInstance: {fileID: 0}
  m_PrefabAsset: {fileID: 0}
  serializedVersion: 6
  m_Component:
  - component: {fileID: 9039920143834211861}
  m_Layer: 0
  m_Name: HoldLocation
  m_TagString: Untagged
  m_Icon: {fileID: 0}
  m_NavMeshLayer: 0
  m_StaticEditorFlags: 0
  m_IsActive: 1
--- !u!4 &9039920143834211861
Transform:
  m_ObjectHideFlags: 0
  m_CorrespondingSourceObject: {fileID: 0}
  m_PrefabInstance: {fileID: 0}
  m_PrefabAsset: {fileID: 0}
  m_GameObject: {fileID: 2893542508493111118}
  m_LocalRotation: {x: -0, y: -0, z: -0, w: 1}
  m_LocalPosition: {x: 0, y: 0.12799995, z: 0.17999999}
  m_LocalScale: {x: 1, y: 1, z: 1}
  m_Children: []
  m_Father: {fileID: 2918511202793130829}
  m_RootOrder: 2
  m_LocalEulerAnglesHint: {x: 0, y: 0, z: 0}
--- !u!1 &2920591222495926611
GameObject:
  m_ObjectHideFlags: 0
  m_CorrespondingSourceObject: {fileID: 0}
  m_PrefabInstance: {fileID: 0}
  m_PrefabAsset: {fileID: 0}
  serializedVersion: 6
  m_Component:
  - component: {fileID: 2927027123968427893}
  m_Layer: 0
  m_Name: actor:skin_backKnee_R
  m_TagString: Untagged
  m_Icon: {fileID: 0}
  m_NavMeshLayer: 0
  m_StaticEditorFlags: 4294967295
  m_IsActive: 1
--- !u!4 &2927027123968427893
Transform:
  m_ObjectHideFlags: 0
  m_CorrespondingSourceObject: {fileID: 0}
  m_PrefabInstance: {fileID: 0}
  m_PrefabAsset: {fileID: 0}
  m_GameObject: {fileID: 2920591222495926611}
  m_LocalRotation: {x: 1.9907664e-16, y: 2.0150632e-15, z: 0.4733443, w: 0.88087755}
  m_LocalPosition: {x: -0.05649955, y: -1.9539925e-16, z: -1.2434498e-16}
  m_LocalScale: {x: 1, y: 1, z: 1}
  m_Children:
  - {fileID: 2927222399162168135}
  m_Father: {fileID: 2918767506733541427}
  m_RootOrder: 0
  m_LocalEulerAnglesHint: {x: 0, y: 0, z: 0}
--- !u!1 &2920639694600824579
GameObject:
  m_ObjectHideFlags: 0
  m_CorrespondingSourceObject: {fileID: 0}
  m_PrefabInstance: {fileID: 0}
  m_PrefabAsset: {fileID: 0}
  serializedVersion: 6
  m_Component:
  - component: {fileID: 2918791419556262893}
  m_Layer: 0
  m_Name: actor:skin_Neck2_M
  m_TagString: Untagged
  m_Icon: {fileID: 0}
  m_NavMeshLayer: 0
  m_StaticEditorFlags: 4294967295
  m_IsActive: 1
--- !u!4 &2918791419556262893
Transform:
  m_ObjectHideFlags: 0
  m_CorrespondingSourceObject: {fileID: 0}
  m_PrefabInstance: {fileID: 0}
  m_PrefabAsset: {fileID: 0}
  m_GameObject: {fileID: 2920639694600824579}
  m_LocalRotation: {x: -1.254089e-15, y: 6.6520774e-16, z: -0.5313392, w: 0.84715915}
  m_LocalPosition: {x: -0.040665913, y: -1.9984014e-17, z: -3.428988e-15}
  m_LocalScale: {x: 1, y: 1, z: 1}
  m_Children:
  - {fileID: 2927025804423686723}
  - {fileID: 2918603378532469559}
  - {fileID: 2918403168788288641}
  m_Father: {fileID: 2926912887622605299}
  m_RootOrder: 0
  m_LocalEulerAnglesHint: {x: 0, y: 0, z: 0}
--- !u!1 &2920642019411664181
GameObject:
  m_ObjectHideFlags: 0
  m_CorrespondingSourceObject: {fileID: 0}
  m_PrefabInstance: {fileID: 0}
  m_PrefabAsset: {fileID: 0}
  serializedVersion: 6
  m_Component:
  - component: {fileID: 2918892519503962247}
  m_Layer: 0
  m_Name: actor:skin_backToes4_R
  m_TagString: Untagged
  m_Icon: {fileID: 0}
  m_NavMeshLayer: 0
  m_StaticEditorFlags: 4294967295
  m_IsActive: 1
--- !u!4 &2918892519503962247
Transform:
  m_ObjectHideFlags: 0
  m_CorrespondingSourceObject: {fileID: 0}
  m_PrefabInstance: {fileID: 0}
  m_PrefabAsset: {fileID: 0}
  m_GameObject: {fileID: 2920642019411664181}
  m_LocalRotation: {x: 0, y: 0, z: 0, w: 1}
  m_LocalPosition: {x: -0.03345499, y: -2.8865798e-17, z: 2.1255357e-10}
  m_LocalScale: {x: 1, y: 1, z: 1}
  m_Children: []
  m_Father: {fileID: 2927012522118191801}
  m_RootOrder: 0
  m_LocalEulerAnglesHint: {x: 0, y: 0, z: 0}
--- !u!1 &2920650040216011967
GameObject:
  m_ObjectHideFlags: 0
  m_CorrespondingSourceObject: {fileID: 0}
  m_PrefabInstance: {fileID: 0}
  m_PrefabAsset: {fileID: 0}
  serializedVersion: 6
  m_Component:
  - component: {fileID: 2927126052948200431}
  m_Layer: 0
  m_Name: actor:skin_backToes2_L
  m_TagString: Untagged
  m_Icon: {fileID: 0}
  m_NavMeshLayer: 0
  m_StaticEditorFlags: 4294967295
  m_IsActive: 1
--- !u!4 &2927126052948200431
Transform:
  m_ObjectHideFlags: 0
  m_CorrespondingSourceObject: {fileID: 0}
  m_PrefabInstance: {fileID: 0}
  m_PrefabAsset: {fileID: 0}
  m_GameObject: {fileID: 2920650040216011967}
  m_LocalRotation: {x: -1.2645938e-15, y: 4.539573e-17, z: -0.07743084, w: 0.9969978}
  m_LocalPosition: {x: 0.0434271, y: 4.7649383e-16, z: -1.0903019e-10}
  m_LocalScale: {x: 1, y: 1, z: 1}
  m_Children:
  - {fileID: 2918382664991955995}
  m_Father: {fileID: 2918373029082271075}
  m_RootOrder: 0
  m_LocalEulerAnglesHint: {x: 0, y: 0, z: 0}
--- !u!1 &2920685493270217655
GameObject:
  m_ObjectHideFlags: 0
  m_CorrespondingSourceObject: {fileID: 0}
  m_PrefabInstance: {fileID: 0}
  m_PrefabAsset: {fileID: 0}
  serializedVersion: 6
  m_Component:
  - component: {fileID: 2918432678357538135}
  m_Layer: 0
  m_Name: actor:skin_Spine1_M
  m_TagString: Untagged
  m_Icon: {fileID: 0}
  m_NavMeshLayer: 0
  m_StaticEditorFlags: 4294967295
  m_IsActive: 1
--- !u!4 &2918432678357538135
Transform:
  m_ObjectHideFlags: 0
  m_CorrespondingSourceObject: {fileID: 0}
  m_PrefabInstance: {fileID: 0}
  m_PrefabAsset: {fileID: 0}
  m_GameObject: {fileID: 2920685493270217655}
  m_LocalRotation: {x: 0.0013680415, y: -0.022691987, z: -0.08740865, w: 0.99591315}
  m_LocalPosition: {x: -0.015203183, y: -0.0007827391, z: 0.00018380934}
  m_LocalScale: {x: 1, y: 1, z: 1}
  m_Children:
  - {fileID: 2918544263087621599}
  m_Father: {fileID: 2927219743167282095}
  m_RootOrder: 0
  m_LocalEulerAnglesHint: {x: 0, y: 0, z: 0}
--- !u!1 &2920715606105506381
GameObject:
  m_ObjectHideFlags: 0
  m_CorrespondingSourceObject: {fileID: 0}
  m_PrefabInstance: {fileID: 0}
  m_PrefabAsset: {fileID: 0}
  serializedVersion: 6
  m_Component:
  - component: {fileID: 2918730838707712909}
  m_Layer: 0
  m_Name: actor:skin_frontHip_L
  m_TagString: Untagged
  m_Icon: {fileID: 0}
  m_NavMeshLayer: 0
  m_StaticEditorFlags: 4294967295
  m_IsActive: 1
--- !u!4 &2918730838707712909
Transform:
  m_ObjectHideFlags: 0
  m_CorrespondingSourceObject: {fileID: 0}
  m_PrefabInstance: {fileID: 0}
  m_PrefabAsset: {fileID: 0}
  m_GameObject: {fileID: 2920715606105506381}
  m_LocalRotation: {x: -0.28661978, y: -0.54978937, z: 0.6881252, w: 0.3769145}
  m_LocalPosition: {x: 0.05306884, y: -3.090861e-15, z: -1.1368684e-15}
  m_LocalScale: {x: 1, y: 1, z: 1}
  m_Children:
  - {fileID: 2926901380451713759}
  m_Father: {fileID: 2918666779302778083}
  m_RootOrder: 0
  m_LocalEulerAnglesHint: {x: 0, y: 0, z: 0}
--- !u!1 &2920718359348770649
GameObject:
  m_ObjectHideFlags: 0
  m_CorrespondingSourceObject: {fileID: 0}
  m_PrefabInstance: {fileID: 0}
  m_PrefabAsset: {fileID: 0}
  serializedVersion: 6
  m_Component:
  - component: {fileID: 2926901380451713759}
  m_Layer: 0
  m_Name: actor:skin_frontKnee_L
  m_TagString: Untagged
  m_Icon: {fileID: 0}
  m_NavMeshLayer: 0
  m_StaticEditorFlags: 4294967295
  m_IsActive: 1
--- !u!4 &2926901380451713759
Transform:
  m_ObjectHideFlags: 0
  m_CorrespondingSourceObject: {fileID: 0}
  m_PrefabInstance: {fileID: 0}
  m_PrefabAsset: {fileID: 0}
  m_GameObject: {fileID: 2920718359348770649}
  m_LocalRotation: {x: 2.4507408e-16, y: 2.2597542e-16, z: -0.79805374, w: 0.6025863}
  m_LocalPosition: {x: 0.026163181, y: 1.8185452e-15, z: -2.633449e-15}
  m_LocalScale: {x: 1, y: 1, z: 1}
  m_Children:
  - {fileID: 2918401792386230457}
  m_Father: {fileID: 2918730838707712909}
  m_RootOrder: 0
  m_LocalEulerAnglesHint: {x: 0, y: 0, z: 0}
--- !u!1 &2920734901708857395
GameObject:
  m_ObjectHideFlags: 0
  m_CorrespondingSourceObject: {fileID: 0}
  m_PrefabInstance: {fileID: 0}
  m_PrefabAsset: {fileID: 0}
  serializedVersion: 6
  m_Component:
  - component: {fileID: 2926828509498998991}
  m_Layer: 0
  m_Name: actor:skin_R_Ear_3_R
  m_TagString: Untagged
  m_Icon: {fileID: 0}
  m_NavMeshLayer: 0
  m_StaticEditorFlags: 4294967295
  m_IsActive: 1
--- !u!4 &2926828509498998991
Transform:
  m_ObjectHideFlags: 0
  m_CorrespondingSourceObject: {fileID: 0}
  m_PrefabInstance: {fileID: 0}
  m_PrefabAsset: {fileID: 0}
  m_GameObject: {fileID: 2920734901708857395}
  m_LocalRotation: {x: 0, y: 0, z: 0, w: 1}
  m_LocalPosition: {x: -0.0402625, y: -7.9936056e-16, z: 2.717826e-15}
  m_LocalScale: {x: 1, y: 1, z: 1}
  m_Children: []
  m_Father: {fileID: 2926838230214808877}
  m_RootOrder: 0
  m_LocalEulerAnglesHint: {x: 0, y: 0, z: 0}
--- !u!1 &2920743191369908261
GameObject:
  m_ObjectHideFlags: 0
  m_CorrespondingSourceObject: {fileID: 0}
  m_PrefabInstance: {fileID: 0}
  m_PrefabAsset: {fileID: 0}
  serializedVersion: 6
  m_Component:
  - component: {fileID: 2918798261721089703}
  m_Layer: 0
  m_Name: actor:skin_frontToes2_R
  m_TagString: Untagged
  m_Icon: {fileID: 0}
  m_NavMeshLayer: 0
  m_StaticEditorFlags: 4294967295
  m_IsActive: 1
--- !u!4 &2918798261721089703
Transform:
  m_ObjectHideFlags: 0
  m_CorrespondingSourceObject: {fileID: 0}
  m_PrefabInstance: {fileID: 0}
  m_PrefabAsset: {fileID: 0}
  m_GameObject: {fileID: 2920743191369908261}
  m_LocalRotation: {x: -3.3619519e-16, y: 3.097521e-17, z: -0.3241482, w: 0.9460063}
  m_LocalPosition: {x: -0.019131634, y: 1.5987211e-16, z: 3.375078e-15}
  m_LocalScale: {x: 1, y: 1, z: 1}
  m_Children:
  - {fileID: 2918366062288379603}
  m_Father: {fileID: 2927103872055896437}
  m_RootOrder: 0
  m_LocalEulerAnglesHint: {x: 0, y: 0, z: 0}
--- !u!1 &2920764936839391531
GameObject:
  m_ObjectHideFlags: 0
  m_CorrespondingSourceObject: {fileID: 0}
  m_PrefabInstance: {fileID: 0}
  m_PrefabAsset: {fileID: 0}
  serializedVersion: 6
  m_Component:
  - component: {fileID: 2918403168788288641}
  m_Layer: 0
  m_Name: actor:skin_R_Ear_R
  m_TagString: Untagged
  m_Icon: {fileID: 0}
  m_NavMeshLayer: 0
  m_StaticEditorFlags: 4294967295
  m_IsActive: 1
--- !u!4 &2918403168788288641
Transform:
  m_ObjectHideFlags: 0
  m_CorrespondingSourceObject: {fileID: 0}
  m_PrefabInstance: {fileID: 0}
  m_PrefabAsset: {fileID: 0}
  m_GameObject: {fileID: 2920764936839391531}
  m_LocalRotation: {x: 0.42418212, y: 0.40059283, z: 0.7927952, w: 0.17626894}
  m_LocalPosition: {x: 0.0031300634, y: -0.026815554, z: -0.019036088}
  m_LocalScale: {x: 1, y: 1, z: 1}
  m_Children:
  - {fileID: 2926782745287552551}
  m_Father: {fileID: 2918791419556262893}
  m_RootOrder: 2
  m_LocalEulerAnglesHint: {x: 0, y: 0, z: 0}
--- !u!1 &2920774383949746543
GameObject:
  m_ObjectHideFlags: 0
  m_CorrespondingSourceObject: {fileID: 0}
  m_PrefabInstance: {fileID: 0}
  m_PrefabAsset: {fileID: 0}
  serializedVersion: 6
  m_Component:
  - component: {fileID: 2918350678306141727}
  m_Layer: 0
  m_Name: actor:skin_Tail2_M
  m_TagString: Untagged
  m_Icon: {fileID: 0}
  m_NavMeshLayer: 0
  m_StaticEditorFlags: 4294967295
  m_IsActive: 1
--- !u!4 &2918350678306141727
Transform:
  m_ObjectHideFlags: 0
  m_CorrespondingSourceObject: {fileID: 0}
  m_PrefabInstance: {fileID: 0}
  m_PrefabAsset: {fileID: 0}
  m_GameObject: {fileID: 2920774383949746543}
  m_LocalRotation: {x: 0, y: 0, z: 0, w: 1}
  m_LocalPosition: {x: -0.028782003, y: 1.4210854e-16, z: -1.7670161e-16}
  m_LocalScale: {x: 1, y: 1, z: 1}
  m_Children: []
  m_Father: {fileID: 2918549072254169153}
  m_RootOrder: 0
  m_LocalEulerAnglesHint: {x: 0, y: 0, z: 0}
--- !u!1 &2920793166783253521
GameObject:
  m_ObjectHideFlags: 0
  m_CorrespondingSourceObject: {fileID: 0}
  m_PrefabInstance: {fileID: 0}
  m_PrefabAsset: {fileID: 0}
  serializedVersion: 6
  m_Component:
  - component: {fileID: 2927222399162168135}
  m_Layer: 0
  m_Name: actor:skin_backAnkle_R
  m_TagString: Untagged
  m_Icon: {fileID: 0}
  m_NavMeshLayer: 0
  m_StaticEditorFlags: 4294967295
  m_IsActive: 1
--- !u!4 &2927222399162168135
Transform:
  m_ObjectHideFlags: 0
  m_CorrespondingSourceObject: {fileID: 0}
  m_PrefabInstance: {fileID: 0}
  m_PrefabAsset: {fileID: 0}
  m_GameObject: {fileID: 2920793166783253521}
  m_LocalRotation: {x: -0.26180828, y: -0.14473395, z: -0.50376916, w: 0.8103858}
  m_LocalPosition: {x: -0.0917934, y: -1.110223e-15, z: -1.4566126e-15}
  m_LocalScale: {x: 1, y: 1, z: 1}
  m_Children:
  - {fileID: 2927012662651467175}
  m_Father: {fileID: 2927027123968427893}
  m_RootOrder: 0
  m_LocalEulerAnglesHint: {x: 0, y: 0, z: 0}
--- !u!1 &2920825483538213081
GameObject:
  m_ObjectHideFlags: 0
  m_CorrespondingSourceObject: {fileID: 0}
  m_PrefabInstance: {fileID: 0}
  m_PrefabAsset: {fileID: 0}
  serializedVersion: 6
  m_Component:
  - component: {fileID: 2918681577791870877}
  m_Layer: 0
  m_Name: actor:skin_frontToes3_L
  m_TagString: Untagged
  m_Icon: {fileID: 0}
  m_NavMeshLayer: 0
  m_StaticEditorFlags: 4294967295
  m_IsActive: 1
--- !u!4 &2918681577791870877
Transform:
  m_ObjectHideFlags: 0
  m_CorrespondingSourceObject: {fileID: 0}
  m_PrefabInstance: {fileID: 0}
  m_PrefabAsset: {fileID: 0}
  m_GameObject: {fileID: 2920825483538213081}
  m_LocalRotation: {x: 0.011108516, y: 0.0023226878, z: -0.047337517, w: 0.9988145}
  m_LocalPosition: {x: 0.02537858, y: 9.325873e-17, z: 3.415046e-15}
  m_LocalScale: {x: 1, y: 1, z: 1}
  m_Children:
  - {fileID: 2918853925056590615}
  m_Father: {fileID: 2926840949361182397}
  m_RootOrder: 0
  m_LocalEulerAnglesHint: {x: 0, y: 0, z: 0}
--- !u!1 &2920828057379664365
GameObject:
  m_ObjectHideFlags: 0
  m_CorrespondingSourceObject: {fileID: 0}
  m_PrefabInstance: {fileID: 0}
  m_PrefabAsset: {fileID: 0}
  serializedVersion: 6
  m_Component:
  - component: {fileID: 2926840949361182397}
  m_Layer: 0
  m_Name: actor:skin_frontToes2_L
  m_TagString: Untagged
  m_Icon: {fileID: 0}
  m_NavMeshLayer: 0
  m_StaticEditorFlags: 4294967295
  m_IsActive: 1
--- !u!4 &2926840949361182397
Transform:
  m_ObjectHideFlags: 0
  m_CorrespondingSourceObject: {fileID: 0}
  m_PrefabInstance: {fileID: 0}
  m_PrefabAsset: {fileID: 0}
  m_GameObject: {fileID: 2920828057379664365}
  m_LocalRotation: {x: -6.236081e-16, y: 2.5917617e-16, z: -0.3241482, w: 0.9460063}
  m_LocalPosition: {x: 0.019131634, y: -1.3322676e-16, z: -2.0694557e-15}
  m_LocalScale: {x: 1, y: 1, z: 1}
  m_Children:
  - {fileID: 2918681577791870877}
  m_Father: {fileID: 2918513110355093149}
  m_RootOrder: 0
  m_LocalEulerAnglesHint: {x: 0, y: 0, z: 0}
--- !u!1 &2920837613658105505
GameObject:
  m_ObjectHideFlags: 0
  m_CorrespondingSourceObject: {fileID: 0}
  m_PrefabInstance: {fileID: 0}
  m_PrefabAsset: {fileID: 0}
  serializedVersion: 6
  m_Component:
  - component: {fileID: 2926912887622605299}
  m_Layer: 0
  m_Name: actor:skin_Neck1_M
  m_TagString: Untagged
  m_Icon: {fileID: 0}
  m_NavMeshLayer: 0
  m_StaticEditorFlags: 4294967295
  m_IsActive: 1
--- !u!4 &2926912887622605299
Transform:
  m_ObjectHideFlags: 0
  m_CorrespondingSourceObject: {fileID: 0}
  m_PrefabInstance: {fileID: 0}
  m_PrefabAsset: {fileID: 0}
  m_GameObject: {fileID: 2920837613658105505}
  m_LocalRotation: {x: -1.9451251e-16, y: 2.725287e-16, z: -0.120856196, w: 0.99267006}
  m_LocalPosition: {x: -0.048750315, y: -4.4408918e-17, z: -2.87337e-15}
  m_LocalScale: {x: 1, y: 1, z: 1}
  m_Children:
  - {fileID: 2918791419556262893}
  m_Father: {fileID: 2918879957238131087}
  m_RootOrder: 0
  m_LocalEulerAnglesHint: {x: 0, y: 0, z: 0}
--- !u!1 &2921010800945835749
GameObject:
  m_ObjectHideFlags: 0
  m_CorrespondingSourceObject: {fileID: 0}
  m_PrefabInstance: {fileID: 0}
  m_PrefabAsset: {fileID: 0}
  serializedVersion: 6
  m_Component:
  - component: {fileID: 2918382664991955995}
  m_Layer: 0
  m_Name: actor:skin_backToes3_L
  m_TagString: Untagged
  m_Icon: {fileID: 0}
  m_NavMeshLayer: 0
  m_StaticEditorFlags: 4294967295
  m_IsActive: 1
--- !u!4 &2918382664991955995
Transform:
  m_ObjectHideFlags: 0
  m_CorrespondingSourceObject: {fileID: 0}
  m_PrefabInstance: {fileID: 0}
  m_PrefabAsset: {fileID: 0}
  m_GameObject: {fileID: 2921010800945835749}
  m_LocalRotation: {x: 0.0005240435, y: -0.002556527, z: 0.008591122, w: 0.9999597}
  m_LocalPosition: {x: 0.03984996, y: 4.063416e-16, z: 1.9725906e-10}
  m_LocalScale: {x: 1, y: 1, z: 1}
  m_Children:
  - {fileID: 2926810856911919125}
  m_Father: {fileID: 2927126052948200431}
  m_RootOrder: 0
  m_LocalEulerAnglesHint: {x: 0, y: 0, z: 0}
--- !u!1 &2921019201875215575
GameObject:
  m_ObjectHideFlags: 0
  m_CorrespondingSourceObject: {fileID: 0}
  m_PrefabInstance: {fileID: 0}
  m_PrefabAsset: {fileID: 0}
  serializedVersion: 6
  m_Component:
  - component: {fileID: 2927336330245269693}
  m_Layer: 0
  m_Name: actor:skin_frontHip_R
  m_TagString: Untagged
  m_Icon: {fileID: 0}
  m_NavMeshLayer: 0
  m_StaticEditorFlags: 4294967295
  m_IsActive: 1
--- !u!4 &2927336330245269693
Transform:
  m_ObjectHideFlags: 0
  m_CorrespondingSourceObject: {fileID: 0}
  m_PrefabInstance: {fileID: 0}
  m_PrefabAsset: {fileID: 0}
  m_GameObject: {fileID: 2921019201875215575}
  m_LocalRotation: {x: -0.36573085, y: -0.42824998, z: 0.65852785, w: 0.49918345}
  m_LocalPosition: {x: -0.05306884, y: -3.131384e-15, z: -1.065814e-15}
  m_LocalScale: {x: 1, y: 1, z: 1}
  m_Children:
  - {fileID: 2918808882958912957}
  m_Father: {fileID: 2926985305047130745}
  m_RootOrder: 0
  m_LocalEulerAnglesHint: {x: 0, y: 0, z: 0}
--- !u!1 &2921019318111220155
GameObject:
  m_ObjectHideFlags: 0
  m_CorrespondingSourceObject: {fileID: 0}
  m_PrefabInstance: {fileID: 0}
  m_PrefabAsset: {fileID: 0}
  serializedVersion: 6
  m_Component:
  - component: {fileID: 2918683726621741833}
  m_Layer: 0
  m_Name: actor:skin_Root_M
  m_TagString: Untagged
  m_Icon: {fileID: 0}
  m_NavMeshLayer: 0
  m_StaticEditorFlags: 4294967295
  m_IsActive: 1
--- !u!4 &2918683726621741833
Transform:
  m_ObjectHideFlags: 0
  m_CorrespondingSourceObject: {fileID: 0}
  m_PrefabInstance: {fileID: 0}
  m_PrefabAsset: {fileID: 0}
  m_GameObject: {fileID: 2921019318111220155}
  m_LocalRotation: {x: 0.70400167, y: 0.066194616, z: -0.70400167, w: -0.066194616}
  m_LocalPosition: {x: -4.8936065e-32, y: 0.18488553, z: -0.048079185}
  m_LocalScale: {x: 1, y: 1, z: 1}
  m_Children:
  - {fileID: 2927203574240863103}
  - {fileID: 2918767506733541427}
  - {fileID: 2918729685105423435}
  - {fileID: 2927203062054661253}
  m_Father: {fileID: 2927241315827370015}
  m_RootOrder: 1
  m_LocalEulerAnglesHint: {x: 0, y: 0, z: 0}
--- !u!1 &2921030931437455391
GameObject:
  m_ObjectHideFlags: 0
  m_CorrespondingSourceObject: {fileID: 0}
  m_PrefabInstance: {fileID: 0}
  m_PrefabAsset: {fileID: 0}
  serializedVersion: 6
  m_Component:
  - component: {fileID: 2927045759264799889}
  m_Layer: 0
  m_Name: actor:skin_backKnee_L
  m_TagString: Untagged
  m_Icon: {fileID: 0}
  m_NavMeshLayer: 0
  m_StaticEditorFlags: 4294967295
  m_IsActive: 1
--- !u!4 &2927045759264799889
Transform:
  m_ObjectHideFlags: 0
  m_CorrespondingSourceObject: {fileID: 0}
  m_PrefabInstance: {fileID: 0}
  m_PrefabAsset: {fileID: 0}
  m_GameObject: {fileID: 2921030931437455391}
  m_LocalRotation: {x: 2.0110792e-16, y: -2.2462302e-15, z: 0.4733443, w: 0.88087755}
  m_LocalPosition: {x: 0.05649955, y: 2.4868996e-16, z: 2.4868996e-16}
  m_LocalScale: {x: 1, y: 1, z: 1}
  m_Children:
  - {fileID: 2927080501276691611}
  m_Father: {fileID: 2927203574240863103}
  m_RootOrder: 0
  m_LocalEulerAnglesHint: {x: 0, y: 0, z: 0}
--- !u!1 &2921157451723754923
GameObject:
  m_ObjectHideFlags: 0
  m_CorrespondingSourceObject: {fileID: 0}
  m_PrefabInstance: {fileID: 0}
  m_PrefabAsset: {fileID: 0}
  serializedVersion: 6
  m_Component:
  - component: {fileID: 2926969291034624337}
  m_Layer: 0
  m_Name: actor:skin_Spine1Part2_M
  m_TagString: Untagged
  m_Icon: {fileID: 0}
  m_NavMeshLayer: 0
  m_StaticEditorFlags: 4294967295
  m_IsActive: 1
--- !u!4 &2926969291034624337
Transform:
  m_ObjectHideFlags: 0
  m_CorrespondingSourceObject: {fileID: 0}
  m_PrefabInstance: {fileID: 0}
  m_PrefabAsset: {fileID: 0}
  m_GameObject: {fileID: 2921157451723754923}
  m_LocalRotation: {x: 0.0009007109, y: -0.03496334, z: -0.122467406, w: 0.9918561}
  m_LocalPosition: {x: -0.017912604, y: -0.00033588012, z: 0.000095683645}
  m_LocalScale: {x: 1, y: 1, z: 1}
  m_Children:
  - {fileID: 2927104741580804637}
  m_Father: {fileID: 2918544263087621599}
  m_RootOrder: 0
  m_LocalEulerAnglesHint: {x: 0, y: 0, z: 0}
--- !u!1 &2921164755306181555
GameObject:
  m_ObjectHideFlags: 0
  m_CorrespondingSourceObject: {fileID: 0}
  m_PrefabInstance: {fileID: 0}
  m_PrefabAsset: {fileID: 0}
  serializedVersion: 6
  m_Component:
  - component: {fileID: 2927103145174390501}
  m_Layer: 0
  m_Name: actor:skin_R_Ear_3_L
  m_TagString: Untagged
  m_Icon: {fileID: 0}
  m_NavMeshLayer: 0
  m_StaticEditorFlags: 4294967295
  m_IsActive: 1
--- !u!4 &2927103145174390501
Transform:
  m_ObjectHideFlags: 0
  m_CorrespondingSourceObject: {fileID: 0}
  m_PrefabInstance: {fileID: 0}
  m_PrefabAsset: {fileID: 0}
  m_GameObject: {fileID: 2921164755306181555}
  m_LocalRotation: {x: 0, y: 0, z: 0, w: 1}
  m_LocalPosition: {x: 0.0402625, y: -1.314504e-15, z: 4.689582e-15}
  m_LocalScale: {x: 1, y: 1, z: 1}
  m_Children: []
  m_Father: {fileID: 2926810537680772307}
  m_RootOrder: 0
  m_LocalEulerAnglesHint: {x: 0, y: 0, z: 0}
--- !u!1 &2921166480829788337
GameObject:
  m_ObjectHideFlags: 0
  m_CorrespondingSourceObject: {fileID: 0}
  m_PrefabInstance: {fileID: 0}
  m_PrefabAsset: {fileID: 0}
  serializedVersion: 6
  m_Component:
  - component: {fileID: 2918549072254169153}
  m_Layer: 0
  m_Name: actor:skin_Tail1_M
  m_TagString: Untagged
  m_Icon: {fileID: 0}
  m_NavMeshLayer: 0
  m_StaticEditorFlags: 4294967295
  m_IsActive: 1
--- !u!4 &2918549072254169153
Transform:
  m_ObjectHideFlags: 0
  m_CorrespondingSourceObject: {fileID: 0}
  m_PrefabInstance: {fileID: 0}
  m_PrefabAsset: {fileID: 0}
  m_GameObject: {fileID: 2921166480829788337}
  m_LocalRotation: {x: 9.666756e-16, y: -1.3007027e-15, z: 0.26219505, w: 0.9650149}
  m_LocalPosition: {x: -0.037862144, y: -9.6589404e-17, z: -1.05635e-15}
  m_LocalScale: {x: 1, y: 1, z: 1}
  m_Children:
  - {fileID: 2918350678306141727}
  m_Father: {fileID: 2927203062054661253}
  m_RootOrder: 0
  m_LocalEulerAnglesHint: {x: 0, y: 0, z: 0}
--- !u!1 &2921189349372680827
GameObject:
  m_ObjectHideFlags: 0
  m_CorrespondingSourceObject: {fileID: 0}
  m_PrefabInstance: {fileID: 0}
  m_PrefabAsset: {fileID: 0}
  serializedVersion: 6
  m_Component:
  - component: {fileID: 2927103872055896437}
  m_Layer: 0
  m_Name: actor:skin_frontToes1_R
  m_TagString: Untagged
  m_Icon: {fileID: 0}
  m_NavMeshLayer: 0
  m_StaticEditorFlags: 4294967295
  m_IsActive: 1
--- !u!4 &2927103872055896437
Transform:
  m_ObjectHideFlags: 0
  m_CorrespondingSourceObject: {fileID: 0}
  m_PrefabInstance: {fileID: 0}
  m_PrefabAsset: {fileID: 0}
  m_GameObject: {fileID: 2921189349372680827}
  m_LocalRotation: {x: -9.846097e-16, y: 7.58269e-15, z: -0.11103308, w: 0.99381673}
  m_LocalPosition: {x: -0.018131746, y: 3.5527136e-17, z: -1.3411494e-15}
  m_LocalScale: {x: 1, y: 1, z: 1}
  m_Children:
  - {fileID: 2918798261721089703}
  m_Father: {fileID: 2926992474058253249}
  m_RootOrder: 0
  m_LocalEulerAnglesHint: {x: 0, y: 0, z: 0}
--- !u!1 &2921233831554972135
GameObject:
  m_ObjectHideFlags: 0
  m_CorrespondingSourceObject: {fileID: 0}
  m_PrefabInstance: {fileID: 0}
  m_PrefabAsset: {fileID: 0}
  serializedVersion: 6
  m_Component:
  - component: {fileID: 2927012522118191801}
  m_Layer: 0
  m_Name: actor:skin_backToes3_R
  m_TagString: Untagged
  m_Icon: {fileID: 0}
  m_NavMeshLayer: 0
  m_StaticEditorFlags: 4294967295
  m_IsActive: 1
--- !u!4 &2927012522118191801
Transform:
  m_ObjectHideFlags: 0
  m_CorrespondingSourceObject: {fileID: 0}
  m_PrefabInstance: {fileID: 0}
  m_PrefabAsset: {fileID: 0}
  m_GameObject: {fileID: 2921233831554972135}
  m_LocalRotation: {x: 0.0005240435, y: -0.002556527, z: 0.008591122, w: 0.9999597}
  m_LocalPosition: {x: -0.03984996, y: -7.105427e-17, z: -1.9725543e-10}
  m_LocalScale: {x: 1, y: 1, z: 1}
  m_Children:
  - {fileID: 2918892519503962247}
  m_Father: {fileID: 2926852272665226145}
  m_RootOrder: 0
  m_LocalEulerAnglesHint: {x: 0, y: 0, z: 0}
--- !u!1 &2921253744344194965
GameObject:
  m_ObjectHideFlags: 0
  m_CorrespondingSourceObject: {fileID: 0}
  m_PrefabInstance: {fileID: 0}
  m_PrefabAsset: {fileID: 0}
  serializedVersion: 6
  m_Component:
  - component: {fileID: 2926810856911919125}
  m_Layer: 0
  m_Name: actor:skin_backToes4_L
  m_TagString: Untagged
  m_Icon: {fileID: 0}
  m_NavMeshLayer: 0
  m_StaticEditorFlags: 4294967295
  m_IsActive: 1
--- !u!4 &2926810856911919125
Transform:
  m_ObjectHideFlags: 0
  m_CorrespondingSourceObject: {fileID: 0}
  m_PrefabInstance: {fileID: 0}
  m_PrefabAsset: {fileID: 0}
  m_GameObject: {fileID: 2921253744344194965}
  m_LocalRotation: {x: 0, y: 0, z: 0, w: 1}
  m_LocalPosition: {x: 0.03345499, y: 2.853273e-16, z: -2.1255347e-10}
  m_LocalScale: {x: 1, y: 1, z: 1}
  m_Children: []
  m_Father: {fileID: 2918382664991955995}
  m_RootOrder: 0
  m_LocalEulerAnglesHint: {x: 0, y: 0, z: 0}
--- !u!1 &2921285126086908889
GameObject:
  m_ObjectHideFlags: 0
  m_CorrespondingSourceObject: {fileID: 0}
  m_PrefabInstance: {fileID: 0}
  m_PrefabAsset: {fileID: 0}
  serializedVersion: 6
  m_Component:
  - component: {fileID: 2918603378532469559}
  m_Layer: 0
  m_Name: actor:skin_R_Ear_L
  m_TagString: Untagged
  m_Icon: {fileID: 0}
  m_NavMeshLayer: 0
  m_StaticEditorFlags: 4294967295
  m_IsActive: 1
--- !u!4 &2918603378532469559
Transform:
  m_ObjectHideFlags: 0
  m_CorrespondingSourceObject: {fileID: 0}
  m_PrefabInstance: {fileID: 0}
  m_PrefabAsset: {fileID: 0}
  m_GameObject: {fileID: 2921285126086908889}
  m_LocalRotation: {x: 0.6273926, y: -0.46915644, z: -0.19430988, w: 0.59035116}
  m_LocalPosition: {x: 0.0031300634, y: -0.026815554, z: 0.019036088}
  m_LocalScale: {x: 1, y: 1, z: 1}
  m_Children:
  - {fileID: 2926800233908604205}
  m_Father: {fileID: 2918791419556262893}
  m_RootOrder: 1
  m_LocalEulerAnglesHint: {x: 0, y: 0, z: 0}
--- !u!1 &2921307934694590575
GameObject:
  m_ObjectHideFlags: 0
  m_CorrespondingSourceObject: {fileID: 0}
  m_PrefabInstance: {fileID: 0}
  m_PrefabAsset: {fileID: 0}
  serializedVersion: 6
  m_Component:
  - component: {fileID: 2927121368219937337}
  m_Layer: 0
  m_Name: actor:skin_HeadEnd_M
  m_TagString: Untagged
  m_Icon: {fileID: 0}
  m_NavMeshLayer: 0
  m_StaticEditorFlags: 4294967295
  m_IsActive: 1
--- !u!4 &2927121368219937337
Transform:
  m_ObjectHideFlags: 0
  m_CorrespondingSourceObject: {fileID: 0}
  m_PrefabInstance: {fileID: 0}
  m_PrefabAsset: {fileID: 0}
  m_GameObject: {fileID: 2921307934694590575}
  m_LocalRotation: {x: 0, y: 0, z: 0, w: 1}
  m_LocalPosition: {x: -0.07588287, y: -7.105427e-17, z: -8.8739195e-15}
  m_LocalScale: {x: 1, y: 1, z: 1}
  m_Children: []
  m_Father: {fileID: 2927025804423686723}
  m_RootOrder: 0
  m_LocalEulerAnglesHint: {x: 0, y: 0, z: 0}
--- !u!1 &2921397325313075933
GameObject:
  m_ObjectHideFlags: 0
  m_CorrespondingSourceObject: {fileID: 0}
  m_PrefabInstance: {fileID: 0}
  m_PrefabAsset: {fileID: 0}
  serializedVersion: 6
  m_Component:
  - component: {fileID: 2927104741580804637}
  m_Layer: 0
  m_Name: actor:skin_Chest_M
  m_TagString: Untagged
  m_Icon: {fileID: 0}
  m_NavMeshLayer: 0
  m_StaticEditorFlags: 4294967295
  m_IsActive: 1
--- !u!4 &2927104741580804637
Transform:
  m_ObjectHideFlags: 0
  m_CorrespondingSourceObject: {fileID: 0}
  m_PrefabInstance: {fileID: 0}
  m_PrefabAsset: {fileID: 0}
  m_GameObject: {fileID: 2921397325313075933}
  m_LocalRotation: {x: 0.011501911, y: -0.0038458463, z: -0.50720567, w: 0.86173975}
  m_LocalPosition: {x: -0.017608283, y: -0.000011140428, z: -3.9594933e-12}
  m_LocalScale: {x: 1, y: 1, z: 1}
  m_Children:
  - {fileID: 2918666779302778083}
  - {fileID: 2926985305047130745}
  - {fileID: 2918879957238131087}
  m_Father: {fileID: 2926969291034624337}
  m_RootOrder: 0
  m_LocalEulerAnglesHint: {x: 0, y: 0, z: 0}
--- !u!1 &2921399530694449829
GameObject:
  m_ObjectHideFlags: 0
  m_CorrespondingSourceObject: {fileID: 0}
  m_PrefabInstance: {fileID: 0}
  m_PrefabAsset: {fileID: 0}
  serializedVersion: 6
  m_Component:
  - component: {fileID: 2918511202793130829}
  - component: {fileID: 3016659510919615969}
  - component: {fileID: 3042346669053607287}
  - component: {fileID: 3933651824479482261}
  - component: {fileID: 8709234191002646821}
  - component: {fileID: 6855555939525730117}
  - component: {fileID: 4557697111869556801}
  - component: {fileID: 4933164580070384140}
  - component: {fileID: 2922441758686748212}
  - component: {fileID: 2922441758686748213}
  m_Layer: 0
  m_Name: Rabbit
  m_TagString: Bunny
  m_Icon: {fileID: 0}
  m_NavMeshLayer: 0
  m_StaticEditorFlags: 0
  m_IsActive: 1
--- !u!4 &2918511202793130829
Transform:
  m_ObjectHideFlags: 0
  m_CorrespondingSourceObject: {fileID: 0}
  m_PrefabInstance: {fileID: 0}
  m_PrefabAsset: {fileID: 0}
  m_GameObject: {fileID: 2921399530694449829}
  m_LocalRotation: {x: 0, y: -1, z: 0, w: 0.00000028088027}
  m_LocalPosition: {x: -7.802358, y: -7.169545, z: 6.98}
  m_LocalScale: {x: 1.5, y: 1.5, z: 1.5}
  m_Children:
  - {fileID: 2927241315827370015}
  - {fileID: 4643426811951603335}
  - {fileID: 9039920143834211861}
  m_Father: {fileID: 0}
  m_RootOrder: 0
  m_LocalEulerAnglesHint: {x: 0, y: -179.99998, z: 0}
--- !u!95 &3016659510919615969
Animator:
  serializedVersion: 3
  m_ObjectHideFlags: 0
  m_CorrespondingSourceObject: {fileID: 0}
  m_PrefabInstance: {fileID: 0}
  m_PrefabAsset: {fileID: 0}
  m_GameObject: {fileID: 2921399530694449829}
  m_Enabled: 1
  m_Avatar: {fileID: 9000000, guid: 63b5250ea377b104a8c56fd4f3aa55bc, type: 3}
  m_Controller: {fileID: 9100000, guid: 131f85d2788b17946989dddad8d90290, type: 2}
  m_CullingMode: 0
  m_UpdateMode: 0
  m_ApplyRootMotion: 0
  m_LinearVelocityBlending: 0
  m_WarningMessage: 
  m_HasTransformHierarchy: 1
  m_AllowConstantClipSamplingOptimization: 1
  m_KeepAnimatorControllerStateOnDisable: 0
--- !u!195 &3042346669053607287
NavMeshAgent:
  m_ObjectHideFlags: 0
  m_CorrespondingSourceObject: {fileID: 0}
  m_PrefabInstance: {fileID: 0}
  m_PrefabAsset: {fileID: 0}
  m_GameObject: {fileID: 2921399530694449829}
  m_Enabled: 1
  m_AgentTypeID: 0
  m_Radius: 0.5
  m_Speed: 1
  m_Acceleration: 8
  avoidancePriority: 50
  m_AngularSpeed: 200
  m_StoppingDistance: 0
  m_AutoTraverseOffMeshLink: 1
  m_AutoBraking: 1
  m_AutoRepath: 1
  m_Height: 2
  m_BaseOffset: 0
  m_WalkableMask: 4294967295
  m_ObstacleAvoidanceType: 4
--- !u!54 &3933651824479482261
Rigidbody:
  m_ObjectHideFlags: 0
  m_CorrespondingSourceObject: {fileID: 0}
  m_PrefabInstance: {fileID: 0}
  m_PrefabAsset: {fileID: 0}
  m_GameObject: {fileID: 2921399530694449829}
  serializedVersion: 2
  m_Mass: 1
  m_Drag: 0
  m_AngularDrag: 0.05
  m_UseGravity: 1
  m_IsKinematic: 0
  m_Interpolate: 0
  m_Constraints: 126
  m_CollisionDetection: 0
--- !u!135 &8709234191002646821
SphereCollider:
  m_ObjectHideFlags: 0
  m_CorrespondingSourceObject: {fileID: 0}
  m_PrefabInstance: {fileID: 0}
  m_PrefabAsset: {fileID: 0}
  m_GameObject: {fileID: 2921399530694449829}
  m_Material: {fileID: 0}
  m_IsTrigger: 0
  m_Enabled: 1
  serializedVersion: 2
  m_Radius: 0.14
  m_Center: {x: 0, y: 0.13, z: 0}
--- !u!135 &6855555939525730117
SphereCollider:
  m_ObjectHideFlags: 0
  m_CorrespondingSourceObject: {fileID: 0}
  m_PrefabInstance: {fileID: 0}
  m_PrefabAsset: {fileID: 0}
  m_GameObject: {fileID: 2921399530694449829}
  m_Material: {fileID: 0}
  m_IsTrigger: 0
  m_Enabled: 1
  serializedVersion: 2
  m_Radius: 0.05
  m_Center: {x: 0, y: 0.25, z: 0.17}
--- !u!135 &4557697111869556801
SphereCollider:
  m_ObjectHideFlags: 0
  m_CorrespondingSourceObject: {fileID: 0}
  m_PrefabInstance: {fileID: 0}
  m_PrefabAsset: {fileID: 0}
  m_GameObject: {fileID: 2921399530694449829}
  m_Material: {fileID: 0}
  m_IsTrigger: 1
  m_Enabled: 1
  serializedVersion: 2
  m_Radius: 0.5
  m_Center: {x: 0, y: 0, z: 0}
--- !u!114 &4933164580070384140
MonoBehaviour:
  m_ObjectHideFlags: 0
  m_CorrespondingSourceObject: {fileID: 0}
  m_PrefabInstance: {fileID: 0}
  m_PrefabAsset: {fileID: 0}
  m_GameObject: {fileID: 2921399530694449829}
  m_Enabled: 0
  m_EditorHideFlags: 0
  m_Script: {fileID: 11500000, guid: 7802d120e66f1d847ae8e463ecea5ed7, type: 3}
  m_Name: 
  m_EditorClassIdentifier: 
  destination: {x: 0, y: 0, z: 0}
  wanderRadius: 5
  arrivingProximity: 1
  followRange: 2
  fetchQuery: {fileID: 1425122151842872179}
  holdLocation: {fileID: 2893542508493111118}
  currentState: 0
  isFollowing: 0
  hasFetch: 0
  isSleeping: 0
  idleTimer: 0
--- !u!114 &2922441758686748212
MonoBehaviour:
  m_ObjectHideFlags: 0
  m_CorrespondingSourceObject: {fileID: 0}
  m_PrefabInstance: {fileID: 0}
  m_PrefabAsset: {fileID: 0}
  m_GameObject: {fileID: 2921399530694449829}
  m_Enabled: 1
  m_EditorHideFlags: 0
  m_Script: {fileID: 11500000, guid: 28c9cbf9d2b78764883acb21350e06b4, type: 3}
  m_Name: 
  m_EditorClassIdentifier: 
  stuff: it is this bunny alright
  destination: {x: 0, y: 0, z: 0}
  wanderRadius: 5
  arrivingProximity: 1.5
  followRange: 2
  fetchQuery: {fileID: 7444710537300748523}
  holdLocation: {fileID: 2893542508493111118}
  animalType: 2
  animalLVL: 1
  spawnLocation: {x: 0, y: 0, z: 0}
  moveToLocations: []
  isFollowing: 0
--- !u!114 &2922441758686748213
MonoBehaviour:
  m_ObjectHideFlags: 0
  m_CorrespondingSourceObject: {fileID: 0}
  m_PrefabInstance: {fileID: 0}
  m_PrefabAsset: {fileID: 0}
  m_GameObject: {fileID: 2921399530694449829}
  m_Enabled: 1
  m_EditorHideFlags: 0
  m_Script: {fileID: 11500000, guid: 8d7b55c7ecdb49a4a89fa5e6f9022861, type: 3}
  m_Name: 
  m_EditorClassIdentifier: 
  startWhenEnabled: 1
  asynchronousLoad: 0
  pauseWhenDisabled: 0
  restartWhenComplete: 1
  logTaskChanges: 0
  group: 0
  resetValuesOnRestart: 0
  externalBehavior: {fileID: 11400000, guid: 3f94fec93cd1d0b4db69451a1e08574f, type: 2}
  mBehaviorSource:
    behaviorName: Behavior
    behaviorDescription: 
    mTaskData:
      types: []
      parentIndex: 
      startIndex: 
      variableStartIndex: 0000000004000000
      JSONSerialization: 
      fieldSerializationData:
        typeName: []
        fieldNameHash: f9be55564aaa52567707a10414172f4cf9be55564aaa52567707a104
        startIndex: 00000000010000000200000003000000040000000500000006000000
        dataPosition: 00000000260000003400000035000000410000006a00000076000000
        unityObjects: []
        byteData: 4265686176696f7244657369676e65722e52756e74696d652e536861726564566563746f72334d6f7665546f4c6f636174696f6e010000000000000000000000004265686176696f7244657369676e65722e52756e74696d652e53686172656447616d654f626a65637463757272656e74466563746801
        byteDataArray: 4265686176696f7244657369676e65722e52756e74696d652e536861726564566563746f72334d6f7665546f4c6f636174696f6e010000000000000000000000004265686176696f7244657369676e65722e52756e74696d652e53686172656447616d654f626a65637463757272656e74466563746801
      Version: 1.6.3
  gizmoViewMode: 2
  showBehaviorDesignerGizmo: 1
--- !u!1 &2921422058684721363
GameObject:
  m_ObjectHideFlags: 0
  m_CorrespondingSourceObject: {fileID: 0}
  m_PrefabInstance: {fileID: 0}
  m_PrefabAsset: {fileID: 0}
  serializedVersion: 6
  m_Component:
  - component: {fileID: 2918853925056590615}
  m_Layer: 0
  m_Name: actor:skin_frontToes4_L
  m_TagString: Untagged
  m_Icon: {fileID: 0}
  m_NavMeshLayer: 0
  m_StaticEditorFlags: 4294967295
  m_IsActive: 1
--- !u!4 &2918853925056590615
Transform:
  m_ObjectHideFlags: 0
  m_CorrespondingSourceObject: {fileID: 0}
  m_PrefabInstance: {fileID: 0}
  m_PrefabAsset: {fileID: 0}
  m_GameObject: {fileID: 2921422058684721363}
  m_LocalRotation: {x: 0, y: 0, z: 0, w: 1}
  m_LocalPosition: {x: 0.00847429, y: -6.217249e-17, z: 3.0198067e-16}
  m_LocalScale: {x: 1, y: 1, z: 1}
  m_Children: []
  m_Father: {fileID: 2918681577791870877}
  m_RootOrder: 0
  m_LocalEulerAnglesHint: {x: 0, y: 0, z: 0}
--- !u!1 &2921424926885254105
GameObject:
  m_ObjectHideFlags: 0
  m_CorrespondingSourceObject: {fileID: 0}
  m_PrefabInstance: {fileID: 0}
  m_PrefabAsset: {fileID: 0}
  serializedVersion: 6
  m_Component:
  - component: {fileID: 2927025804423686723}
  m_Layer: 0
  m_Name: actor:skin_Head_M
  m_TagString: Untagged
  m_Icon: {fileID: 0}
  m_NavMeshLayer: 0
  m_StaticEditorFlags: 4294967295
  m_IsActive: 1
--- !u!4 &2927025804423686723
Transform:
  m_ObjectHideFlags: 0
  m_CorrespondingSourceObject: {fileID: 0}
  m_PrefabInstance: {fileID: 0}
  m_PrefabAsset: {fileID: 0}
  m_GameObject: {fileID: 2921424926885254105}
  m_LocalRotation: {x: 2.4537386e-15, y: -2.9289478e-15, z: -0.18859571, w: 0.9820548}
  m_LocalPosition: {x: -0.013770822, y: 1.0658141e-16, z: -1.6940218e-15}
  m_LocalScale: {x: 1, y: 1, z: 1}
  m_Children:
  - {fileID: 2927121368219937337}
  m_Father: {fileID: 2918791419556262893}
  m_RootOrder: 0
  m_LocalEulerAnglesHint: {x: 0, y: 0, z: 0}
--- !u!1 &2921435688151704013
GameObject:
  m_ObjectHideFlags: 0
  m_CorrespondingSourceObject: {fileID: 0}
  m_PrefabInstance: {fileID: 0}
  m_PrefabAsset: {fileID: 0}
  serializedVersion: 6
  m_Component:
  - component: {fileID: 2926838230214808877}
  m_Layer: 0
  m_Name: actor:skin_R_Ear_2_R
  m_TagString: Untagged
  m_Icon: {fileID: 0}
  m_NavMeshLayer: 0
  m_StaticEditorFlags: 4294967295
  m_IsActive: 1
--- !u!4 &2926838230214808877
Transform:
  m_ObjectHideFlags: 0
  m_CorrespondingSourceObject: {fileID: 0}
  m_PrefabInstance: {fileID: 0}
  m_PrefabAsset: {fileID: 0}
  m_GameObject: {fileID: 2921435688151704013}
  m_LocalRotation: {x: 3.437168e-17, y: -3.1693317e-15, z: 0.00671919, w: 0.99997747}
  m_LocalPosition: {x: -0.06813473, y: -3.694822e-15, z: 3.9612758e-15}
  m_LocalScale: {x: 1, y: 1, z: 1}
  m_Children:
  - {fileID: 2926828509498998991}
  m_Father: {fileID: 2926782745287552551}
  m_RootOrder: 0
  m_LocalEulerAnglesHint: {x: 0, y: 0, z: 0}
--- !u!1 &2921455178449083449
GameObject:
  m_ObjectHideFlags: 0
  m_CorrespondingSourceObject: {fileID: 0}
  m_PrefabInstance: {fileID: 0}
  m_PrefabAsset: {fileID: 0}
  serializedVersion: 6
  m_Component:
  - component: {fileID: 2927241315827370015}
  m_Layer: 0
  m_Name: RotationHelper
  m_TagString: Untagged
  m_Icon: {fileID: 0}
  m_NavMeshLayer: 0
  m_StaticEditorFlags: 0
  m_IsActive: 1
--- !u!4 &2927241315827370015
Transform:
  m_ObjectHideFlags: 0
  m_CorrespondingSourceObject: {fileID: 0}
  m_PrefabInstance: {fileID: 0}
  m_PrefabAsset: {fileID: 0}
  m_GameObject: {fileID: 2921455178449083449}
  m_LocalRotation: {x: 0, y: 0, z: 0, w: 1}
  m_LocalPosition: {x: 0, y: 0, z: 0}
  m_LocalScale: {x: 1, y: 1, z: 1}
  m_Children:
  - {fileID: 2927318179449170023}
  - {fileID: 2918683726621741833}
  m_Father: {fileID: 2918511202793130829}
  m_RootOrder: 0
  m_LocalEulerAnglesHint: {x: 0, y: 0, z: 0}
--- !u!1 &2921459269421651331
GameObject:
  m_ObjectHideFlags: 0
  m_CorrespondingSourceObject: {fileID: 0}
  m_PrefabInstance: {fileID: 0}
  m_PrefabAsset: {fileID: 0}
  serializedVersion: 6
  m_Component:
  - component: {fileID: 2918612951137761451}
  m_Layer: 0
  m_Name: actor:skin_frontToes4_R
  m_TagString: Untagged
  m_Icon: {fileID: 0}
  m_NavMeshLayer: 0
  m_StaticEditorFlags: 4294967295
  m_IsActive: 1
--- !u!4 &2918612951137761451
Transform:
  m_ObjectHideFlags: 0
  m_CorrespondingSourceObject: {fileID: 0}
  m_PrefabInstance: {fileID: 0}
  m_PrefabAsset: {fileID: 0}
  m_GameObject: {fileID: 2921459269421651331}
  m_LocalRotation: {x: 0, y: 0, z: 0, w: 1}
  m_LocalPosition: {x: -0.00847429, y: -5.7731595e-17, z: 1.0969004e-15}
  m_LocalScale: {x: 1, y: 1, z: 1}
  m_Children: []
  m_Father: {fileID: 2918366062288379603}
  m_RootOrder: 0
  m_LocalEulerAnglesHint: {x: 0, y: 0, z: 0}
--- !u!1 &2921459756126925783
GameObject:
  m_ObjectHideFlags: 0
  m_CorrespondingSourceObject: {fileID: 0}
  m_PrefabInstance: {fileID: 0}
  m_PrefabAsset: {fileID: 0}
  serializedVersion: 6
  m_Component:
  - component: {fileID: 2927012662651467175}
  m_Layer: 0
  m_Name: actor:skin_backToes1_R
  m_TagString: Untagged
  m_Icon: {fileID: 0}
  m_NavMeshLayer: 0
  m_StaticEditorFlags: 4294967295
  m_IsActive: 1
--- !u!4 &2927012662651467175
Transform:
  m_ObjectHideFlags: 0
  m_CorrespondingSourceObject: {fileID: 0}
  m_PrefabInstance: {fileID: 0}
  m_PrefabAsset: {fileID: 0}
  m_GameObject: {fileID: 2921459756126925783}
  m_LocalRotation: {x: 2.1296026e-14, y: -8.155031e-14, z: -0.263002, w: 0.9647953}
  m_LocalPosition: {x: -0.019905515, y: -1.1990408e-16, z: -1.8816715e-10}
  m_LocalScale: {x: 1, y: 1, z: 1}
  m_Children:
  - {fileID: 2926852272665226145}
  m_Father: {fileID: 2927222399162168135}
  m_RootOrder: 0
  m_LocalEulerAnglesHint: {x: 0, y: 0, z: 0}
--- !u!1 &2921462460132562691
GameObject:
  m_ObjectHideFlags: 0
  m_CorrespondingSourceObject: {fileID: 0}
  m_PrefabInstance: {fileID: 0}
  m_PrefabAsset: {fileID: 0}
  serializedVersion: 6
  m_Component:
  - component: {fileID: 2927080501276691611}
  m_Layer: 0
  m_Name: actor:skin_backAnkle_L
  m_TagString: Untagged
  m_Icon: {fileID: 0}
  m_NavMeshLayer: 0
  m_StaticEditorFlags: 4294967295
  m_IsActive: 1
--- !u!4 &2927080501276691611
Transform:
  m_ObjectHideFlags: 0
  m_CorrespondingSourceObject: {fileID: 0}
  m_PrefabInstance: {fileID: 0}
  m_PrefabAsset: {fileID: 0}
  m_GameObject: {fileID: 2921462460132562691}
  m_LocalRotation: {x: -0.26180828, y: -0.14473395, z: -0.50376916, w: 0.8103858}
  m_LocalPosition: {x: 0.0917934, y: 6.3948843e-16, z: 1.0835777e-15}
  m_LocalScale: {x: 1, y: 1, z: 1}
  m_Children:
  - {fileID: 2918373029082271075}
  m_Father: {fileID: 2927045759264799889}
  m_RootOrder: 0
  m_LocalEulerAnglesHint: {x: 0, y: 0, z: 0}
--- !u!1 &2921482707459171515
GameObject:
  m_ObjectHideFlags: 0
  m_CorrespondingSourceObject: {fileID: 0}
  m_PrefabInstance: {fileID: 0}
  m_PrefabAsset: {fileID: 0}
  serializedVersion: 6
  m_Component:
  - component: {fileID: 2926810537680772307}
  m_Layer: 0
  m_Name: actor:skin_R_Ear_2_L
  m_TagString: Untagged
  m_Icon: {fileID: 0}
  m_NavMeshLayer: 0
  m_StaticEditorFlags: 4294967295
  m_IsActive: 1
--- !u!4 &2926810537680772307
Transform:
  m_ObjectHideFlags: 0
  m_CorrespondingSourceObject: {fileID: 0}
  m_PrefabInstance: {fileID: 0}
  m_PrefabAsset: {fileID: 0}
  m_GameObject: {fileID: 2921482707459171515}
  m_LocalRotation: {x: 0, y: 0, z: 0.00671919, w: 0.99997747}
  m_LocalPosition: {x: 0.06813473, y: 6.217249e-16, z: 7.4962255e-15}
  m_LocalScale: {x: 1, y: 1, z: 1}
  m_Children:
  - {fileID: 2927103145174390501}
  m_Father: {fileID: 2926800233908604205}
  m_RootOrder: 0
  m_LocalEulerAnglesHint: {x: 0, y: 0, z: 0}
--- !u!1 &2921500790115767903
GameObject:
  m_ObjectHideFlags: 0
  m_CorrespondingSourceObject: {fileID: 0}
  m_PrefabInstance: {fileID: 0}
  m_PrefabAsset: {fileID: 0}
  serializedVersion: 6
  m_Component:
  - component: {fileID: 2926782745287552551}
  m_Layer: 0
  m_Name: actor:skin_R_Ear_1_R
  m_TagString: Untagged
  m_Icon: {fileID: 0}
  m_NavMeshLayer: 0
  m_StaticEditorFlags: 4294967295
  m_IsActive: 1
--- !u!4 &2926782745287552551
Transform:
  m_ObjectHideFlags: 0
  m_CorrespondingSourceObject: {fileID: 0}
  m_PrefabInstance: {fileID: 0}
  m_PrefabAsset: {fileID: 0}
  m_GameObject: {fileID: 2921500790115767903}
  m_LocalRotation: {x: -6.401261e-17, y: -3.1699094e-15, z: 0.0008771015, w: 0.99999964}
  m_LocalPosition: {x: -0.022797082, y: -5.506706e-16, z: 1.2079227e-15}
  m_LocalScale: {x: 1, y: 1, z: 1}
  m_Children:
  - {fileID: 2926838230214808877}
  m_Father: {fileID: 2918403168788288641}
  m_RootOrder: 0
  m_LocalEulerAnglesHint: {x: 0, y: 0, z: 0}
--- !u!1 &2921508946751769551
GameObject:
  m_ObjectHideFlags: 0
  m_CorrespondingSourceObject: {fileID: 0}
  m_PrefabInstance: {fileID: 0}
  m_PrefabAsset: {fileID: 0}
  serializedVersion: 6
  m_Component:
  - component: {fileID: 2926800233908604205}
  m_Layer: 0
  m_Name: actor:skin_R_Ear_1_L
  m_TagString: Untagged
  m_Icon: {fileID: 0}
  m_NavMeshLayer: 0
  m_StaticEditorFlags: 4294967295
  m_IsActive: 1
--- !u!4 &2926800233908604205
Transform:
  m_ObjectHideFlags: 0
  m_CorrespondingSourceObject: {fileID: 0}
  m_PrefabInstance: {fileID: 0}
  m_PrefabAsset: {fileID: 0}
  m_GameObject: {fileID: 2921508946751769551}
  m_LocalRotation: {x: 0, y: 0, z: 0.0008771015, w: 0.99999964}
  m_LocalPosition: {x: 0.022797082, y: -1.4210854e-16, z: 2.6822988e-15}
  m_LocalScale: {x: 1, y: 1, z: 1}
  m_Children:
  - {fileID: 2926810537680772307}
  m_Father: {fileID: 2918603378532469559}
  m_RootOrder: 0
  m_LocalEulerAnglesHint: {x: 0, y: 0, z: 0}
--- !u!1 &2921515373815220247
GameObject:
  m_ObjectHideFlags: 0
  m_CorrespondingSourceObject: {fileID: 0}
  m_PrefabInstance: {fileID: 0}
  m_PrefabAsset: {fileID: 0}
  serializedVersion: 6
  m_Component:
  - component: {fileID: 2918808882958912957}
  m_Layer: 0
  m_Name: actor:skin_frontKnee_R
  m_TagString: Untagged
  m_Icon: {fileID: 0}
  m_NavMeshLayer: 0
  m_StaticEditorFlags: 4294967295
  m_IsActive: 1
--- !u!4 &2918808882958912957
Transform:
  m_ObjectHideFlags: 0
  m_CorrespondingSourceObject: {fileID: 0}
  m_PrefabInstance: {fileID: 0}
  m_PrefabAsset: {fileID: 0}
  m_GameObject: {fileID: 2921515373815220247}
  m_LocalRotation: {x: -3.065164e-16, y: -3.1560603e-17, z: -0.76150334, w: 0.64816105}
  m_LocalPosition: {x: -0.026163181, y: 4.2188474e-17, z: -3.907985e-16}
  m_LocalScale: {x: 1, y: 1, z: 1}
  m_Children:
  - {fileID: 2926992474058253249}
  m_Father: {fileID: 2927336330245269693}
  m_RootOrder: 0
  m_LocalEulerAnglesHint: {x: 0, y: 0, z: 0}
--- !u!1 &2921532005130389075
GameObject:
  m_ObjectHideFlags: 0
  m_CorrespondingSourceObject: {fileID: 0}
  m_PrefabInstance: {fileID: 0}
  m_PrefabAsset: {fileID: 0}
  serializedVersion: 6
  m_Component:
  - component: {fileID: 2927318179449170023}
  m_Layer: 0
  m_Name: actor:geo_grp
  m_TagString: Untagged
  m_Icon: {fileID: 0}
  m_NavMeshLayer: 0
  m_StaticEditorFlags: 4294967295
  m_IsActive: 1
--- !u!4 &2927318179449170023
Transform:
  m_ObjectHideFlags: 0
  m_CorrespondingSourceObject: {fileID: 0}
  m_PrefabInstance: {fileID: 0}
  m_PrefabAsset: {fileID: 0}
  m_GameObject: {fileID: 2921532005130389075}
  m_LocalRotation: {x: 0, y: -0, z: -0, w: 1}
  m_LocalPosition: {x: -0, y: 0, z: 0}
  m_LocalScale: {x: 1, y: 1, z: 1}
  m_Children:
  - {fileID: 2918673461387570343}
  m_Father: {fileID: 2927241315827370015}
  m_RootOrder: 0
  m_LocalEulerAnglesHint: {x: 0, y: 0, z: 0}
--- !u!1 &2921549364244810517
GameObject:
  m_ObjectHideFlags: 0
  m_CorrespondingSourceObject: {fileID: 0}
  m_PrefabInstance: {fileID: 0}
  m_PrefabAsset: {fileID: 0}
  serializedVersion: 6
  m_Component:
  - component: {fileID: 2926992474058253249}
  m_Layer: 0
  m_Name: actor:skin_frontAnkle_R
  m_TagString: Untagged
  m_Icon: {fileID: 0}
  m_NavMeshLayer: 0
  m_StaticEditorFlags: 4294967295
  m_IsActive: 1
--- !u!4 &2926992474058253249
Transform:
  m_ObjectHideFlags: 0
  m_CorrespondingSourceObject: {fileID: 0}
  m_PrefabInstance: {fileID: 0}
  m_PrefabAsset: {fileID: 0}
  m_GameObject: {fileID: 2921549364244810517}
  m_LocalRotation: {x: 0.2110151, y: 0.15308149, z: -0.23641431, w: 0.93602717}
  m_LocalPosition: {x: -0.09883329, y: 4.0734077e-15, z: -5.2979836e-15}
  m_LocalScale: {x: 1, y: 1, z: 1}
  m_Children:
  - {fileID: 2927103872055896437}
  m_Father: {fileID: 2918808882958912957}
  m_RootOrder: 0
  m_LocalEulerAnglesHint: {x: 0, y: 0, z: 0}
--- !u!1 &2921574145460173263
GameObject:
  m_ObjectHideFlags: 0
  m_CorrespondingSourceObject: {fileID: 0}
  m_PrefabInstance: {fileID: 0}
  m_PrefabAsset: {fileID: 0}
  serializedVersion: 6
  m_Component:
  - component: {fileID: 2918513110355093149}
  m_Layer: 0
  m_Name: actor:skin_frontToes1_L
  m_TagString: Untagged
  m_Icon: {fileID: 0}
  m_NavMeshLayer: 0
  m_StaticEditorFlags: 4294967295
  m_IsActive: 1
--- !u!4 &2918513110355093149
Transform:
  m_ObjectHideFlags: 0
  m_CorrespondingSourceObject: {fileID: 0}
  m_PrefabInstance: {fileID: 0}
  m_PrefabAsset: {fileID: 0}
  m_GameObject: {fileID: 2921574145460173263}
  m_LocalRotation: {x: -8.914624e-16, y: 7.517899e-15, z: -0.11103308, w: 0.99381673}
  m_LocalPosition: {x: 0.018131746, y: 4.4408918e-17, z: 1.518785e-15}
  m_LocalScale: {x: 1, y: 1, z: 1}
  m_Children:
  - {fileID: 2926840949361182397}
  m_Father: {fileID: 2918401792386230457}
  m_RootOrder: 0
  m_LocalEulerAnglesHint: {x: 0, y: 0, z: 0}
--- !u!1 &2921579751894992345
GameObject:
  m_ObjectHideFlags: 0
  m_CorrespondingSourceObject: {fileID: 0}
  m_PrefabInstance: {fileID: 0}
  m_PrefabAsset: {fileID: 0}
  serializedVersion: 6
  m_Component:
  - component: {fileID: 2918879957238131087}
  m_Layer: 0
  m_Name: actor:skin_Neck_M
  m_TagString: Untagged
  m_Icon: {fileID: 0}
  m_NavMeshLayer: 0
  m_StaticEditorFlags: 4294967295
  m_IsActive: 1
--- !u!4 &2918879957238131087
Transform:
  m_ObjectHideFlags: 0
  m_CorrespondingSourceObject: {fileID: 0}
  m_PrefabInstance: {fileID: 0}
  m_PrefabAsset: {fileID: 0}
  m_GameObject: {fileID: 2921579751894992345}
  m_LocalRotation: {x: 0.005154202, y: 0.022076862, z: 0.89150673, w: 0.45243993}
  m_LocalPosition: {x: -0.063158065, y: 3.5527136e-17, z: -1.6107882e-15}
  m_LocalScale: {x: 1, y: 1, z: 1}
  m_Children:
  - {fileID: 2926912887622605299}
  m_Father: {fileID: 2927104741580804637}
  m_RootOrder: 2
  m_LocalEulerAnglesHint: {x: 0, y: 0, z: 0}
--- !u!1 &2921583167636507545
GameObject:
  m_ObjectHideFlags: 0
  m_CorrespondingSourceObject: {fileID: 0}
  m_PrefabInstance: {fileID: 0}
  m_PrefabAsset: {fileID: 0}
  serializedVersion: 6
  m_Component:
  - component: {fileID: 2927203574240863103}
  m_Layer: 0
  m_Name: actor:skin_backHip_L
  m_TagString: Untagged
  m_Icon: {fileID: 0}
  m_NavMeshLayer: 0
  m_StaticEditorFlags: 4294967295
  m_IsActive: 1
--- !u!4 &2927203574240863103
Transform:
  m_ObjectHideFlags: 0
  m_CorrespondingSourceObject: {fileID: 0}
  m_PrefabInstance: {fileID: 0}
  m_PrefabAsset: {fileID: 0}
  m_GameObject: {fileID: 2921583167636507545}
  m_LocalRotation: {x: 0.3477016, y: 0.8877685, z: -0.079089046, w: -0.29105967}
  m_LocalPosition: {x: 0.030209547, y: 0.025922267, z: 0.0405407}
  m_LocalScale: {x: 1, y: 1, z: 1}
  m_Children:
  - {fileID: 2927045759264799889}
  m_Father: {fileID: 2918683726621741833}
  m_RootOrder: 0
  m_LocalEulerAnglesHint: {x: 0, y: 0, z: 0}
--- !u!1 &2921597927039727591
GameObject:
  m_ObjectHideFlags: 0
  m_CorrespondingSourceObject: {fileID: 0}
  m_PrefabInstance: {fileID: 0}
  m_PrefabAsset: {fileID: 0}
  serializedVersion: 6
  m_Component:
  - component: {fileID: 2918767506733541427}
  m_Layer: 0
  m_Name: actor:skin_backHip_R
  m_TagString: Untagged
  m_Icon: {fileID: 0}
  m_NavMeshLayer: 0
  m_StaticEditorFlags: 4294967295
  m_IsActive: 1
--- !u!4 &2918767506733541427
Transform:
  m_ObjectHideFlags: 0
  m_CorrespondingSourceObject: {fileID: 0}
  m_PrefabInstance: {fileID: 0}
  m_PrefabAsset: {fileID: 0}
  m_GameObject: {fileID: 2921597927039727591}
  m_LocalRotation: {x: 0.8877685, y: -0.34770158, z: 0.29105973, w: -0.079089046}
  m_LocalPosition: {x: 0.030209547, y: 0.025922267, z: -0.0405407}
  m_LocalScale: {x: 1, y: 1, z: 1}
  m_Children:
  - {fileID: 2927027123968427893}
  m_Father: {fileID: 2918683726621741833}
  m_RootOrder: 1
  m_LocalEulerAnglesHint: {x: 0, y: 0, z: 0}
--- !u!1 &2921600683344210705
GameObject:
  m_ObjectHideFlags: 0
  m_CorrespondingSourceObject: {fileID: 0}
  m_PrefabInstance: {fileID: 0}
  m_PrefabAsset: {fileID: 0}
  serializedVersion: 6
  m_Component:
  - component: {fileID: 2918729685105423435}
  m_Layer: 0
  m_Name: actor:skin_RootPart1_M
  m_TagString: Untagged
  m_Icon: {fileID: 0}
  m_NavMeshLayer: 0
  m_StaticEditorFlags: 4294967295
  m_IsActive: 1
--- !u!4 &2918729685105423435
Transform:
  m_ObjectHideFlags: 0
  m_CorrespondingSourceObject: {fileID: 0}
  m_PrefabInstance: {fileID: 0}
  m_PrefabAsset: {fileID: 0}
  m_GameObject: {fileID: 2921600683344210705}
  m_LocalRotation: {x: 0.00087084563, y: 0.02979314, z: 0.10038151, w: 0.9945025}
  m_LocalPosition: {x: -0.015275774, y: -0.00075384026, z: 0.00022537193}
  m_LocalScale: {x: 1, y: 1, z: 1}
  m_Children:
  - {fileID: 2927219743167282095}
  m_Father: {fileID: 2918683726621741833}
  m_RootOrder: 2
  m_LocalEulerAnglesHint: {x: 0, y: 0, z: 0}
--- !u!1 &2921627966873875435
GameObject:
  m_ObjectHideFlags: 0
  m_CorrespondingSourceObject: {fileID: 0}
  m_PrefabInstance: {fileID: 0}
  m_PrefabAsset: {fileID: 0}
  serializedVersion: 6
  m_Component:
  - component: {fileID: 2918673461387570343}
  - component: {fileID: 2983754374211157597}
  - component: {fileID: 701122589783877328}
  m_Layer: 0
  m_Name: actor:Rabbit
  m_TagString: Untagged
  m_Icon: {fileID: 0}
  m_NavMeshLayer: 0
  m_StaticEditorFlags: 4294967295
  m_IsActive: 1
--- !u!4 &2918673461387570343
Transform:
  m_ObjectHideFlags: 0
  m_CorrespondingSourceObject: {fileID: 0}
  m_PrefabInstance: {fileID: 0}
  m_PrefabAsset: {fileID: 0}
  m_GameObject: {fileID: 2921627966873875435}
  m_LocalRotation: {x: 0, y: -0, z: -0, w: 1}
  m_LocalPosition: {x: -0, y: 0, z: 0}
  m_LocalScale: {x: 1, y: 1, z: 1}
  m_Children: []
  m_Father: {fileID: 2927318179449170023}
  m_RootOrder: 0
  m_LocalEulerAnglesHint: {x: 0, y: 0, z: 0}
--- !u!137 &2983754374211157597
SkinnedMeshRenderer:
  m_ObjectHideFlags: 0
  m_CorrespondingSourceObject: {fileID: 0}
  m_PrefabInstance: {fileID: 0}
  m_PrefabAsset: {fileID: 0}
  m_GameObject: {fileID: 2921627966873875435}
  m_Enabled: 1
  m_CastShadows: 1
  m_ReceiveShadows: 1
  m_DynamicOccludee: 1
  m_MotionVectors: 1
  m_LightProbeUsage: 1
  m_ReflectionProbeUsage: 1
  m_RenderingLayerMask: 1
  m_RendererPriority: 0
  m_Materials:
  - {fileID: 2100000, guid: 6b7a28603e9bc44cebffdd89cef80ade, type: 2}
  m_StaticBatchInfo:
    firstSubMesh: 0
    subMeshCount: 0
  m_StaticBatchRoot: {fileID: 0}
  m_ProbeAnchor: {fileID: 0}
  m_LightProbeVolumeOverride: {fileID: 0}
  m_ScaleInLightmap: 1
  m_ReceiveGI: 1
  m_PreserveUVs: 0
  m_IgnoreNormalsForChartDetection: 0
  m_ImportantGI: 0
  m_StitchLightmapSeams: 1
  m_SelectedEditorRenderState: 3
  m_MinimumChartSize: 4
  m_AutoUVMaxDistance: 0.5
  m_AutoUVMaxAngle: 89
  m_LightmapParameters: {fileID: 0}
  m_SortingLayerID: 0
  m_SortingLayer: 0
  m_SortingOrder: 0
  serializedVersion: 2
  m_Quality: 0
  m_UpdateWhenOffscreen: 0
  m_SkinnedMotionVectors: 1
  m_Mesh: {fileID: 4300000, guid: 63b5250ea377b104a8c56fd4f3aa55bc, type: 3}
  m_Bones:
  - {fileID: 2918683726621741833}
  - {fileID: 2918767506733541427}
  - {fileID: 2927027123968427893}
  - {fileID: 2927222399162168135}
  - {fileID: 2927012662651467175}
  - {fileID: 2926852272665226145}
  - {fileID: 2927012522118191801}
  - {fileID: 2918892519503962247}
  - {fileID: 2927203062054661253}
  - {fileID: 2918549072254169153}
  - {fileID: 2918350678306141727}
  - {fileID: 2918729685105423435}
  - {fileID: 2927219743167282095}
  - {fileID: 2918432678357538135}
  - {fileID: 2918544263087621599}
  - {fileID: 2926969291034624337}
  - {fileID: 2927104741580804637}
  - {fileID: 2926985305047130745}
  - {fileID: 2927336330245269693}
  - {fileID: 2918808882958912957}
  - {fileID: 2926992474058253249}
  - {fileID: 2927103872055896437}
  - {fileID: 2918798261721089703}
  - {fileID: 2918366062288379603}
  - {fileID: 2918612951137761451}
  - {fileID: 2918879957238131087}
  - {fileID: 2926912887622605299}
  - {fileID: 2918791419556262893}
  - {fileID: 2927025804423686723}
  - {fileID: 2927121368219937337}
  - {fileID: 2918403168788288641}
  - {fileID: 2926782745287552551}
  - {fileID: 2926838230214808877}
  - {fileID: 2926828509498998991}
  - {fileID: 2918603378532469559}
  - {fileID: 2926800233908604205}
  - {fileID: 2926810537680772307}
  - {fileID: 2927103145174390501}
  - {fileID: 2918666779302778083}
  - {fileID: 2918730838707712909}
  - {fileID: 2926901380451713759}
  - {fileID: 2918401792386230457}
  - {fileID: 2918513110355093149}
  - {fileID: 2926840949361182397}
  - {fileID: 2918681577791870877}
  - {fileID: 2918853925056590615}
  - {fileID: 2927203574240863103}
  - {fileID: 2927045759264799889}
  - {fileID: 2927080501276691611}
  - {fileID: 2918373029082271075}
  - {fileID: 2927126052948200431}
  - {fileID: 2918382664991955995}
  - {fileID: 2926810856911919125}
  m_BlendShapeWeights: []
  m_RootBone: {fileID: 2918683726621741833}
  m_AABB:
    m_Center: {x: -0.054827593, y: 0.0039047003, z: -0.000000037252903}
    m_Extent: {x: 0.2396172, y: 0.22145924, z: 0.15109685}
  m_DirtyAABB: 0
--- !u!114 &701122589783877328
MonoBehaviour:
  m_ObjectHideFlags: 0
  m_CorrespondingSourceObject: {fileID: 0}
  m_PrefabInstance: {fileID: 0}
  m_PrefabAsset: {fileID: 0}
  m_GameObject: {fileID: 2921627966873875435}
  m_Enabled: 1
  m_EditorHideFlags: 0
  m_Script: {fileID: 11500000, guid: 6324b7125b4e81b40a931080f7f89ac1, type: 3}
  m_Name: 
  m_EditorClassIdentifier: 
  transparentMat: {fileID: 2100000, guid: 51d7896e92561434486f4ab6803e93b7, type: 2}
--- !u!1 &2921628408385518525
GameObject:
  m_ObjectHideFlags: 0
  m_CorrespondingSourceObject: {fileID: 0}
  m_PrefabInstance: {fileID: 0}
  m_PrefabAsset: {fileID: 0}
  serializedVersion: 6
  m_Component:
  - component: {fileID: 2926852272665226145}
  m_Layer: 0
  m_Name: actor:skin_backToes2_R
  m_TagString: Untagged
  m_Icon: {fileID: 0}
  m_NavMeshLayer: 0
  m_StaticEditorFlags: 4294967295
  m_IsActive: 1
--- !u!4 &2926852272665226145
Transform:
  m_ObjectHideFlags: 0
  m_CorrespondingSourceObject: {fileID: 0}
  m_PrefabInstance: {fileID: 0}
  m_PrefabAsset: {fileID: 0}
  m_GameObject: {fileID: 2921628408385518525}
  m_LocalRotation: {x: -1.9988907e-16, y: -3.5111666e-18, z: -0.07743084, w: 0.9969978}
  m_LocalPosition: {x: -0.0434271, y: -7.091549e-17, z: 1.09032054e-10}
  m_LocalScale: {x: 1, y: 1, z: 1}
  m_Children:
  - {fileID: 2927012522118191801}
  m_Father: {fileID: 2927012662651467175}
  m_RootOrder: 0
  m_LocalEulerAnglesHint: {x: 0, y: 0, z: 0}
--- !u!1 &2921672113390067633
GameObject:
  m_ObjectHideFlags: 0
  m_CorrespondingSourceObject: {fileID: 0}
  m_PrefabInstance: {fileID: 0}
  m_PrefabAsset: {fileID: 0}
  serializedVersion: 6
  m_Component:
  - component: {fileID: 2927203062054661253}
  m_Layer: 0
  m_Name: actor:skin_Tail0_M
  m_TagString: Untagged
  m_Icon: {fileID: 0}
  m_NavMeshLayer: 0
  m_StaticEditorFlags: 4294967295
  m_IsActive: 1
--- !u!4 &2927203062054661253
Transform:
  m_ObjectHideFlags: 0
  m_CorrespondingSourceObject: {fileID: 0}
  m_PrefabInstance: {fileID: 0}
  m_PrefabAsset: {fileID: 0}
  m_GameObject: {fileID: 2921672113390067633}
  m_LocalRotation: {x: 0.1637382, y: 0.98650384, z: -5.0379862e-17, w: -7.0432014e-17}
  m_LocalPosition: {x: 0.10363332, y: 0.13411206, z: 1.9250884e-16}
  m_LocalScale: {x: 1, y: 1, z: 1}
  m_Children:
  - {fileID: 2918549072254169153}
  m_Father: {fileID: 2918683726621741833}
  m_RootOrder: 3
  m_LocalEulerAnglesHint: {x: 0, y: 0, z: 0}
--- !u!1 &2921699197270962347
GameObject:
  m_ObjectHideFlags: 0
  m_CorrespondingSourceObject: {fileID: 0}
  m_PrefabInstance: {fileID: 0}
  m_PrefabAsset: {fileID: 0}
  serializedVersion: 6
  m_Component:
  - component: {fileID: 2926985305047130745}
  m_Layer: 0
  m_Name: actor:skin_frontRump_R
  m_TagString: Untagged
  m_Icon: {fileID: 0}
  m_NavMeshLayer: 0
  m_StaticEditorFlags: 4294967295
  m_IsActive: 1
--- !u!4 &2926985305047130745
Transform:
  m_ObjectHideFlags: 0
  m_CorrespondingSourceObject: {fileID: 0}
  m_PrefabInstance: {fileID: 0}
  m_PrefabAsset: {fileID: 0}
  m_GameObject: {fileID: 2921699197270962347}
  m_LocalRotation: {x: 0.8101072, y: 0.32478103, z: 0.39971462, w: 0.28012842}
  m_LocalPosition: {x: 0.0009918683, y: -0.00481694, z: -0.01777676}
  m_LocalScale: {x: 1, y: 1, z: 1}
  m_Children:
  - {fileID: 2927336330245269693}
  m_Father: {fileID: 2927104741580804637}
  m_RootOrder: 1
  m_LocalEulerAnglesHint: {x: 0, y: 0, z: 0}
--- !u!1 &2921997482100906859
GameObject:
  m_ObjectHideFlags: 0
  m_CorrespondingSourceObject: {fileID: 0}
  m_PrefabInstance: {fileID: 0}
  m_PrefabAsset: {fileID: 0}
  serializedVersion: 6
  m_Component:
  - component: {fileID: 2918666779302778083}
  m_Layer: 0
  m_Name: actor:skin_frontRump_L
  m_TagString: Untagged
  m_Icon: {fileID: 0}
  m_NavMeshLayer: 0
  m_StaticEditorFlags: 4294967295
  m_IsActive: 1
--- !u!4 &2918666779302778083
Transform:
  m_ObjectHideFlags: 0
  m_CorrespondingSourceObject: {fileID: 0}
  m_PrefabInstance: {fileID: 0}
  m_PrefabAsset: {fileID: 0}
  m_GameObject: {fileID: 2921997482100906859}
  m_LocalRotation: {x: -0.26430807, y: 0.74213475, z: 0.37379864, w: -0.4895425}
  m_LocalPosition: {x: 0.0009918683, y: -0.00481694, z: 0.01777676}
  m_LocalScale: {x: 1, y: 1, z: 1}
  m_Children:
  - {fileID: 2918730838707712909}
  m_Father: {fileID: 2927104741580804637}
  m_RootOrder: 0
  m_LocalEulerAnglesHint: {x: 0, y: 0, z: 0}
--- !u!1 &2922030689165673657
GameObject:
  m_ObjectHideFlags: 0
  m_CorrespondingSourceObject: {fileID: 0}
  m_PrefabInstance: {fileID: 0}
  m_PrefabAsset: {fileID: 0}
  serializedVersion: 6
  m_Component:
  - component: {fileID: 2918373029082271075}
  m_Layer: 0
  m_Name: actor:skin_backToes1_L
  m_TagString: Untagged
  m_Icon: {fileID: 0}
  m_NavMeshLayer: 0
  m_StaticEditorFlags: 4294967295
  m_IsActive: 1
--- !u!4 &2918373029082271075
Transform:
  m_ObjectHideFlags: 0
  m_CorrespondingSourceObject: {fileID: 0}
  m_PrefabInstance: {fileID: 0}
  m_PrefabAsset: {fileID: 0}
  m_GameObject: {fileID: 2922030689165673657}
  m_LocalRotation: {x: 2.1993365e-14, y: -8.2261516e-14, z: -0.263002, w: 0.9647953}
  m_LocalPosition: {x: 0.019905515, y: 2.4868996e-16, z: 1.8816734e-10}
  m_LocalScale: {x: 1, y: 1, z: 1}
  m_Children:
  - {fileID: 2927126052948200431}
  m_Father: {fileID: 2927080501276691611}
  m_RootOrder: 0
  m_LocalEulerAnglesHint: {x: 0, y: 0, z: 0}
--- !u!1 &2922031168608538301
GameObject:
  m_ObjectHideFlags: 0
  m_CorrespondingSourceObject: {fileID: 0}
  m_PrefabInstance: {fileID: 0}
  m_PrefabAsset: {fileID: 0}
  serializedVersion: 6
  m_Component:
  - component: {fileID: 2918401792386230457}
  m_Layer: 0
  m_Name: actor:skin_frontAnkle_L
  m_TagString: Untagged
  m_Icon: {fileID: 0}
  m_NavMeshLayer: 0
  m_StaticEditorFlags: 4294967295
  m_IsActive: 1
--- !u!4 &2918401792386230457
Transform:
  m_ObjectHideFlags: 0
  m_CorrespondingSourceObject: {fileID: 0}
  m_PrefabInstance: {fileID: 0}
  m_PrefabAsset: {fileID: 0}
  m_GameObject: {fileID: 2922031168608538301}
  m_LocalRotation: {x: 0.22536242, y: 0.16385667, z: -0.24024588, w: 0.9298628}
  m_LocalPosition: {x: 0.09883329, y: 3.6959326e-15, z: -5.1558756e-15}
  m_LocalScale: {x: 1, y: 1, z: 1}
  m_Children:
  - {fileID: 2918513110355093149}
  m_Father: {fileID: 2926901380451713759}
  m_RootOrder: 0
  m_LocalEulerAnglesHint: {x: 0, y: 0, z: 0}
--- !u!1 &2922049450073908445
GameObject:
  m_ObjectHideFlags: 0
  m_CorrespondingSourceObject: {fileID: 0}
  m_PrefabInstance: {fileID: 0}
  m_PrefabAsset: {fileID: 0}
  serializedVersion: 6
  m_Component:
  - component: {fileID: 2918366062288379603}
  m_Layer: 0
  m_Name: actor:skin_frontToes3_R
  m_TagString: Untagged
  m_Icon: {fileID: 0}
  m_NavMeshLayer: 0
  m_StaticEditorFlags: 4294967295
  m_IsActive: 1
--- !u!4 &2918366062288379603
Transform:
  m_ObjectHideFlags: 0
  m_CorrespondingSourceObject: {fileID: 0}
  m_PrefabInstance: {fileID: 0}
  m_PrefabAsset: {fileID: 0}
  m_GameObject: {fileID: 2922049450073908445}
  m_LocalRotation: {x: -0.042657867, y: -0.004308983, z: 0.01336509, w: 0.9989911}
  m_LocalPosition: {x: -0.02537858, y: -6.217249e-17, z: 2.7933211e-15}
  m_LocalScale: {x: 1, y: 1, z: 1}
  m_Children:
  - {fileID: 2918612951137761451}
  m_Father: {fileID: 2918798261721089703}
  m_RootOrder: 0
  m_LocalEulerAnglesHint: {x: 0, y: 0, z: 0}
--- !u!1 &2922074165005461867
GameObject:
  m_ObjectHideFlags: 0
  m_CorrespondingSourceObject: {fileID: 0}
  m_PrefabInstance: {fileID: 0}
  m_PrefabAsset: {fileID: 0}
  serializedVersion: 6
  m_Component:
  - component: {fileID: 2918544263087621599}
  m_Layer: 0
  m_Name: actor:skin_Spine1Part1_M
  m_TagString: Untagged
  m_Icon: {fileID: 0}
  m_NavMeshLayer: 0
  m_StaticEditorFlags: 4294967295
  m_IsActive: 1
--- !u!4 &2918544263087621599
Transform:
  m_ObjectHideFlags: 0
  m_CorrespondingSourceObject: {fileID: 0}
  m_PrefabInstance: {fileID: 0}
  m_PrefabAsset: {fileID: 0}
  m_GameObject: {fileID: 2922074165005461867}
  m_LocalRotation: {x: 0.00086902047, y: -0.063889086, z: -0.23737715, w: 0.9693139}
  m_LocalPosition: {x: -0.018075604, y: -0.0012717273, z: 0.0003451533}
  m_LocalScale: {x: 1, y: 1, z: 1}
  m_Children:
  - {fileID: 2926969291034624337}
  m_Father: {fileID: 2918432678357538135}
  m_RootOrder: 0
  m_LocalEulerAnglesHint: {x: 0, y: 0, z: 0}
--- !u!1 &2922111988408513041
GameObject:
  m_ObjectHideFlags: 0
  m_CorrespondingSourceObject: {fileID: 0}
  m_PrefabInstance: {fileID: 0}
  m_PrefabAsset: {fileID: 0}
  serializedVersion: 6
  m_Component:
  - component: {fileID: 2927219743167282095}
  m_Layer: 0
  m_Name: actor:skin_RootPart2_M
  m_TagString: Untagged
  m_Icon: {fileID: 0}
  m_NavMeshLayer: 0
  m_StaticEditorFlags: 4294967295
  m_IsActive: 1
--- !u!4 &2927219743167282095
Transform:
  m_ObjectHideFlags: 0
  m_CorrespondingSourceObject: {fileID: 0}
  m_PrefabInstance: {fileID: 0}
  m_PrefabAsset: {fileID: 0}
  m_GameObject: {fileID: 2922111988408513041}
  m_LocalRotation: {x: 0.0008231881, y: 0.01602399, z: 0.04906345, w: 0.9986668}
  m_LocalPosition: {x: -0.015292468, y: 0.00026070862, z: -0.000086687156}
  m_LocalScale: {x: 1, y: 1, z: 1}
  m_Children:
  - {fileID: 2918432678357538135}
  m_Father: {fileID: 2918729685105423435}
  m_RootOrder: 0
  m_LocalEulerAnglesHint: {x: 0, y: 0, z: 0}
